@article{osborne2003markov,
  title={Markov chains for the Risk board game revisited},
  author={Osborne, Jason A},
  journal={Mathematics magazine},
  volume={76},
  number={2},
  pages={129--135},
  year={2003},
  publisher={Taylor \& Francis}
}

@misc{web:per-attack-dice,
	author = {Horea Christian},
	title = {{Per-attack Risk Dice Odds | Chymera.eu}},
	howpublished = "\url{https://chymera.eu/posts/risk-odds/}",
}

@misc{web:1v1-risk-strategy,
	author = {Horea Christian},
	title = {{1v1 Risk Strategy | Chymera.eu}},
	howpublished = "\url{https://chymera.eu/posts/risk-strategy/}",
}

@misc{web:south-america,
	author = {Craig Reade},
	title = {{Risk board game strategies: South America - Board Game Beast}},
	howpublished = "\url{https://www.boardgamebeast.com/risk-board-game-strategies-south-america.html}",
}